<?xml version="1.0" encoding="UTF-8"?><collection xmlns="http://www.loc.gov/MARC21/slim"><record><leader>00477nam--2200193-i-4500</leader><controlfield tag="001">000001120</controlfield><controlfield tag="002">20161230</controlfield><controlfield tag="005">20170107171404</controlfield><controlfield tag="008">060222s1000------------r-----000-0-rus-d</controlfield><datafield ind1=" " ind2=" " tag="040"><subfield code="a">IFIN-HH</subfield></datafield><datafield ind1=" " ind2=" " tag="041"><subfield code="a">rus</subfield></datafield><datafield ind1=" " ind2=" " tag="080"><subfield code="a">539.16</subfield></datafield><datafield ind1="1" ind2=" " tag="100" /><datafield ind1="1" ind2="0" tag="245"><subfield code="a">Ernest Rutherford (rezerford); izbrannie naucinie trudi</subfield><subfield code="b">Radioaktivnosti</subfield></datafield><datafield ind1=" " ind2=" " tag="260"><subfield code="a">Moskva</subfield><subfield code="b">Nauka</subfield><subfield code="c">1971</subfield></datafield><datafield ind1=" " ind2=" " tag="300"><subfield code="a">431 p</subfield></datafield><datafield ind1=" " ind2=" " tag="490"><subfield code="a">Klassiki Nauki</subfield></datafield><datafield ind1=" " ind2=" " tag="852"><subfield code="a">35895</subfield><subfield code="c">539.16</subfield></datafield><datafield ind1=" " ind2=" " tag="CAT"><subfield code="a">SYS</subfield><subfield code="c">20170107</subfield><subfield code="h">171404</subfield></datafield></record></collection>